<?xml version="1.0" encoding="UTF-8"?><collection xmlns="http://www.loc.gov/MARC21/slim"><record><leader>00377nam--2200157-i-4500</leader><controlfield tag="001">000044347</controlfield><controlfield tag="002">20161230</controlfield><controlfield tag="005">20170107165109</controlfield><controlfield tag="008">060222s1000------------r-----000-0-eng-d</controlfield><datafield ind1=" " ind2=" " tag="080"><subfield code="a">543.423</subfield></datafield><datafield ind1=" " ind2=" " tag="100"><subfield code="a">Pungor, Ern¿</subfield></datafield><datafield ind1=" " ind2=" " tag="245"><subfield code="a">Flame protometry theory</subfield></datafield><datafield ind1=" " ind2=" " tag="260"><subfield code="a">Budapest</subfield><subfield code="b">Akad©♭miai Kiad©đ</subfield><subfield code="c">1967</subfield></datafield><datafield ind1=" " ind2=" " tag="300"><subfield code="a">X+200 p</subfield></datafield><datafield ind1=" " ind2=" " tag="852"><subfield code="a">29099</subfield></datafield><datafield ind1=" " ind2=" " tag="CAT"><subfield code="a">SYS</subfield><subfield code="c">20170107</subfield><subfield code="h">165109</subfield></datafield></record></collection>